<?xml version="1.0" encoding="UTF-8"?><collection xmlns="http://www.loc.gov/MARC21/slim"><record><leader>00589nam--2200169-i-4500</leader><controlfield tag="001">000038892</controlfield><controlfield tag="002">20161230</controlfield><controlfield tag="005">20161230201042</controlfield><controlfield tag="008">060222s1000------------r-----000-0-eng-d</controlfield><datafield ind1=" " ind2=" " tag="040"><subfield code="a">IFIN-HH</subfield></datafield><datafield ind1=" " ind2=" " tag="080"><subfield code="a">539.172.17(063)</subfield></datafield><datafield ind1="1" ind2=" " tag="100"><subfield code="a">Vourvopoulos, G</subfield></datafield><datafield ind1="1" ind2="0" tag="245"><subfield code="a">Resonant behavior of heavy-ion systems</subfield><subfield code="b">Proceedings of the international conference on the resonant behavior of heavy-ion systems, aegean sea - greece, 23, 26 june 1980</subfield><subfield code="c">G. vourvopoulos (ed.)</subfield></datafield><datafield ind1=" " ind2=" " tag="260"><subfield code="a">Athens</subfield><subfield code="b">National Printing Office</subfield><subfield code="c">1981</subfield></datafield><datafield ind1=" " ind2=" " tag="300"><subfield code="a">510P</subfield></datafield><datafield ind1=" " ind2=" " tag="852"><subfield code="a">72664</subfield><subfield code="c">539.17</subfield></datafield><datafield ind1=" " ind2=" " tag="CAT"><subfield code="a">Sys</subfield><subfield code="c">20120625</subfield><subfield code="h">101740</subfield></datafield></record></collection>